
@inproceedings{10.1145/2807591.2807600,
author = {Jiang, Nan and Dennison, Larry and Dally, William J.},
title = {Network Endpoint Congestion Control for Fine-Grained Communication},
year = {2015},
isbn = {9781450337236},
publisher = {Association for Computing Machinery},
address = {New York, NY, USA},
url = {https://doi.org/10.1145/2807591.2807600},
doi = {10.1145/2807591.2807600},
booktitle = {Proceedings of the International Conference for High Performance Computing, Networking, Storage and Analysis},
articleno = {35},
numpages = {12},
location = {Austin, Texas},
series = {SC â€™15}
}
