@online{chapuzas1,
  author = {El Chapuzas Informático},
  title = {Según PassMark, AMD ha alcanzado una cuota de mercado del 40%, Intel retrocede 14 años},
  url = {https://elchapuzasinformatico.com/2020/01/segun-passmark-amd-ha-alcanzado-una-cuota-de-mercado-del-40-intel-retrocede-14-anos/}
}

@online{chapuzas2,
  author = {El Chapuzas Informático},
  title = {Intel anuncia su 2ª Gen de CPUs Xeon Scalable, ahora un 60% más baratos para competir con AMD},
  url = {https://elchapuzasinformatico.com/2020/02/intel-anuncia-su-2a-gen-de-cpus-xeon-scalable-ahora-un-60-mas-baratos-para-competir-con-amd/}
}

@online{chapuzas3,
  author = {El Chapuzas Informático},
  title = {El Ryzen Threadripper 3990X llegará por 3.990$ destrozando a 2x Intel Xeon Platinum 8280 de +20.000$},
  url = {https://elchapuzasinformatico.com/2020/02/el-ryzen-threadripper-3990x-llegara-por-3-990-destrozando-a-2x-intel-xeon-platinum-8280-de-20-000/}
}

@online{chapuzas4,
  author = {El Chapuzas Informático},
  title = {Intel anuncia oficialmente sus Cascade Lake-X y formaliza la rebaja de precio en hasta un 50%},
  url = {https://elchapuzasinformatico.com/2019/10/intel-cascade-lake-x-formaliza-la-rebaja-de-precio-en-hasta-un-50/}
}

@online{chapuzas5,
  author = {El Chapuzas Informático},
  title = {Intel reduciría el precio de sus procesadores de consumo para intentar frenar a los AMD Ryzen},
  url = {https://elchapuzasinformatico.com/2020/01/intel-reduciria-el-precio-de-sus-procesadores-de-consumo-para-intentar-frenar-a-los-amd-ryzen/}
}

@online{chapuzas6,
  author = {El Chapuzas Informático},
  title = {Las CPUs AMD EPYC 7742 darán vida al superordenador encargado de predecir el tiempo en Europa},
  url = {https://elchapuzasinformatico.com/2020/01/las-cpus-amd-epyc-7742-daran-vida-al-superordenador-encargado-de-predecir-el-tiempo-en-europa/}
}

@online{chapuzas7,
  author = {El Chapuzas Informático},
  title = {La NOAA adquiere un superordenador con 5120 procesadores AMD EPYC ROME},
  url = {https://elchapuzasinformatico.com/2020/02/la-noaa-adquiere-un-superordenador-con-5120-procesadores-amd-epyc-rome/}
}

@online{chapuzas8,
  author = {El Chapuzas Informático},
  title = {AMD dará vida al superordenador de la Armada de los Estados Unidos con 290.304 núcleos Zen2 @ 7nm},
  url = {https://elchapuzasinformatico.com/2020/02/amd-dara-vida-al-superordenador-de-la-armada-de-los-estados-unidos-con-290-304-nucleos-zen2-7nm/}
}

@online{chapuzas9,
  author = {El Chapuzas Informático},
  title = {AMD se lleva el contrato de «El Capitan», el superordenador más potente del mundo},
  url = {https://elchapuzasinformatico.com/2020/03/amd-se-lleva-el-contrato-de-el-capitan-el-superordenador-mas-potente-del-mundo/}
}

@online{xataka,
  author = {Xataka},
  title = {AMD y Cray preparan un supercomputador bestial: 'Frontier' llegará a los 1,5 exaFLOPS de potencia en 2021},
  url = {https://www.xataka.com/investigacion/amd-cray-preparan-supercomputador-bestial-frontier-llegara-a-1-5-exaflops-potencia-2021}
}

@online{venturebeat,
  author = {VentureBeat},
  title = {AMD’s top supercomputer wins are a big moment in ‘heated competition’},
  url = {https://venturebeat.com/2020/03/05/amds-top-supercomputer-wins-are-a-big-moment-in-heated-competition/}
}

@online{passmark,
  author = {PassMark Software},
  title = {AMD vs Intel Market Share},
  url = {https://www.cpubenchmark.net/market_share.html}
}
